@misc{wang2018joint,
    title={Joint Training of Candidate Extraction and Answer Selection for Reading Comprehension. 
    https://arxiv.org/abs/1805.06145},
    author={Zhen Wang and Jiachen Liu and Xinyan Xiao and Yajuan Lyu and Tian Wu},
    year={2018},
    eprint={1805.06145},
    archivePrefix={arXiv},
    primaryClass={cs.CL}
}